@article{zuras2008ieee,
  title={IEEE standard for floating-point arithmetic},
  author={Zuras, Dan and Cowlishaw, Mike and Aiken, Alex and Applegate, Matthew and Bailey, David and Bass, Steve and Bhandarkar, Dileep and Bhat, Mahesh and Bindel, David and Boldo, Sylvie and others},
  journal={IEEE Std 754-2008},
  pages={1--70},
  year={2008},
  publisher={IEEE}
}
@article{boldo2015verified,
  title={Verified compilation of floating-point computations},
  author={Boldo, Sylvie and Jourdan, Jacques-Henri and Leroy, Xavier and Melquiond, Guillaume},
  journal={Journal of Automated Reasoning},
  volume={54},
  number={2},
  pages={135--163},
  year={2015},
  publisher={Springer}
}
@inproceedings{langlois2005solving,
  title={Solving triangular systems more accurately and efficiently},
  author={Langlois, Philippe and Louvet, Nicolas},
  booktitle={Proceedings of the 17th IMACS World Congress, Paris},
  volume={400},
  pages={1--10},
  year={2005}
}
@article{behrooz2000computer,
  title={Computer arithmetic: Algorithms and hardware designs},
  author={Behrooz, Parhami},
  journal={Oxford University Press},
  volume={19},
  pages={512583--512585},
  year={2000}
}
@book{higham2002accuracy,
  title={Accuracy and stability of numerical algorithms},
  author={Higham, Nicholas J},
  volume={80},
  year={2002},
  publisher={Siam}
}
@article{ogita2005accurate,
  title={Accurate sum and dot product},
  author={Ogita, Takeshi and Rump, Siegfried M and Oishi, Shin'ichi},
  journal={SIAM Journal on Scientific Computing},
  volume={26},
  number={6},
  pages={1955--1988},
  year={2005},
  publisher={SIAM}
}
@article{knuth1998art,
  title={The art of computer programming, 2: seminumerical algorithms, Addision Wesley},
  author={Knuth, Donald E},
  journal={Reading, MA},
  year={1998}
}
@article{dekker1971floating,
  title={A floating-point technique for extending the available precision},
  author={Dekker, Theodorus Jozef},
  journal={Numerische Mathematik},
  volume={18},
  number={3},
  pages={224--242},
  year={1971},
  publisher={Springer}
}
@article{langlois2001automatic,
  title={Automatic linear correction of rounding errors},
  author={Langlois, Philippe},
  journal={BIT Numerical Mathematics},
  volume={41},
  number={3},
  pages={515--539},
  year={2001},
  publisher={Springer}
}
@article{graillat2009algorithms,
  title={Algorithms for accurate, validated and fast polynomial evaluation},
  author={Graillat, Stef and Langlois, Philippe and Louvet, Nicolas},
  journal={Japan Journal of Industrial and Applied Mathematics},
  volume={26},
  number={2-3},
  pages={191--214},
  year={2009},
  publisher={Springer}
}
@inproceedings{langlois2007ensure,
  title={How to ensure a faithful polynomial evaluation with the compensated Horner algorithm},
  author={Langlois, Philippe and Louvet, Nicolas},
  booktitle={Computer Arithmetic, 2007. ARITH'07. 18th IEEE Symposium on},
  pages={141--149},
  year={2007},
  organization={IEEE}
}
@article{langlois2004more,
  title={More accuracy at fixed precision},
  author={Langlois, Philippe},
  journal={Journal of computational and applied mathematics},
  volume={162},
  number={1},
  pages={57--77},
  year={2004},
  publisher={Elsevier}
}
@article{monniaux2008pitfalls,
  title={The pitfalls of verifying floating-point computations},
  author={Monniaux, David},
  journal={ACM Transactions on Programming Languages and Systems (TOPLAS)},
  volume={30},
  number={3},
  pages={12},
  year={2008},
  publisher={ACM}
}
@inproceedings{titolo2018abstract,
  title={An Abstract Interpretation Framework for the Round-Off Error Analysis of Floating-Point Programs},
  author={Titolo, Laura and Feli{\'u}, Marco A and Moscato, Mariano and Munoz, C{\'e}sar A},
  booktitle={International Conference on Verification, Model Checking, and Abstract Interpretation},
  pages={516--537},
  year={2018},
  organization={Springer}
}
@inproceedings{martel2017floating,
  title={Floating-Point Format Inference in Mixed-Precision},
  author={Martel, Matthieu},
  booktitle={NASA Formal Methods Symposium},
  pages={230--246},
  year={2017},
  organization={Springer}
}
@article{lam2016fine,
  title={Fine-grained floating-point precision analysis},
  author={Lam, Michael O and Hollingsworth, Jeffrey K},
  journal={The International Journal of High Performance Computing Applications},
  pages={1094342016652462},
  year={2016},
  publisher={SAGE Publications Sage UK: London, England}
}
@inproceedings{darulova2014sound,
  title={Sound compilation of reals},
  author={Darulova, Eva and Kuncak, Viktor},
  booktitle={Acm Sigplan Notices},
  volume={49},
  pages={235--248},
  year={2014},
  organization={ACM}
}
@inproceedings{rubio2016floating,
  title={Floating-point precision tuning using blame analysis},
  author={Rubio-Gonz{\'a}lez, Cindy and Nguyen, Cuong and Mehne, Benjamin and Sen, Koushik and Demmel, James and Kahan, William and Iancu, Costin and Lavrijsen, Wim and Bailey, David H and Hough, David},
  booktitle={Proceedings of the 38th International Conference on Software Engineering},
  pages={1074--1085},
  year={2016},
  organization={ACM}
}
@article{sharangpani1994statistical,
  title={Statistical Analysis of Floating Point Flaw in the PentiumTM Processor (1994)},
  author={Sharangpani, HP and Barton, ML},
  journal={Intel Corporation},
  volume={30},
  year={1994}
}
@misc{lions1996ariane,
  title={Ariane 5 flight 501 failure},
  author={Lions, Jacques-Louis and others},
  year={1996},
  publisher={Technical report, European Space Agency, July 1996. Available as http://www. esrin. esa. it/htdocs/tidc/Press/Press96/ariane5rep. html}
}
@misc{skeel,
  title={Roundoff Error and the Patriot Missile},
  url={http://mate.uprh.edu/~pnegron/notas4061/patriot.htm},
  journal={Roundoff Error and the Patriot Missile},
  author={Skeel, Robert}
}
@article{mackintosh2015,
  title={Beware lessons of history when dealing with quirky indices},
  url={https://www.ft.com/content/40e78992-481e-11e5-af2f-4d6e0e5eda22},
  journal={Financial Times},
  publisher={Financial Times},
  author={Mackintosh, James},
  year={2015},
  month={Aug}
}